<record><leader>00000cas a2200000 a 4500</leader><controlfield tag="001">10270985</controlfield><controlfield tag="008">840106d18281831mouwr ne      0    0eng  </controlfield><datafield ind1=" " ind2=" " tag="010"><subfield code="a">sn 84020032 </subfield></datafield><datafield ind1=" " ind2=" " tag="040"><subfield code="a">DLC</subfield><subfield code="b">eng</subfield><subfield code="c">DLC</subfield><subfield code="d">MQN</subfield><subfield code="d">NVF</subfield><subfield code="d">OCLCQ</subfield><subfield code="d">OCLCO</subfield><subfield code="d">OCLCF</subfield></datafield><datafield ind1="1" ind2=" " tag="029"><subfield code="a">AU@</subfield><subfield code="b">000020420742</subfield></datafield><datafield ind1=" " ind2=" " tag="042"><subfield code="a">pcc</subfield></datafield><datafield ind1=" " ind2=" " tag="043"><subfield code="a">n-us-mo</subfield></datafield><datafield ind1="0" ind2="0" tag="050"><subfield code="a">Newspaper 8583-X</subfield></datafield><datafield ind1="0" ind2="0" tag="245"><subfield code="a">Jackson Mercury and Cape Girardeau farmer.</subfield></datafield><datafield ind1=" " ind2=" " tag="260"><subfield code="a">Jackson, Mo. :</subfield><subfield code="b">W. Johnson,</subfield><subfield code="c">1828-1831.</subfield></datafield><datafield ind1=" " ind2=" " tag="300"><subfield code="a">v.</subfield></datafield><datafield ind1=" " ind2=" " tag="310"><subfield code="a">Weekly</subfield></datafield><datafield ind1="0" ind2=" " tag="362"><subfield code="a">Vol. 1, no. 1 (Dec. 13, 1828)-v. 4, no. 4 (Dec. 31, 1831).</subfield></datafield><datafield ind1=" " ind2="0" tag="651"><subfield code="a">Jackson (Mo.)</subfield><subfield code="v">Newspapers.</subfield></datafield><datafield ind1=" " ind2="7" tag="655"><subfield code="a">Newspapers.</subfield><subfield code="2">fast</subfield><subfield code="0">(OCoLC)fst01423814</subfield></datafield><datafield ind1=" " ind2="7" tag="651"><subfield code="a">Missouri</subfield><subfield code="z">Jackson.</subfield><subfield code="2">fast</subfield><subfield code="0">(OCoLC)fst01208892</subfield></datafield><datafield ind1=" " ind2=" " tag="752"><subfield code="a">United States</subfield><subfield code="b">Missouri</subfield><subfield code="c">Cape Girardeau</subfield><subfield code="d">Jackson.</subfield></datafield><datafield ind1="0" ind2="0" tag="780"><subfield code="t">Independent patriot</subfield><subfield code="w">(DLC)sn 83016983</subfield></datafield><datafield ind1="0" ind2="0" tag="785"><subfield code="t">Jackson eagle</subfield><subfield code="w">(DLC)sn 89066613</subfield></datafield></record>